<record><leader>00000cas a2200000Ma 4500</leader><controlfield tag="001">57702471</controlfield><controlfield tag="007">hd bfa014baaa</controlfield><controlfield tag="008">840809d18751877aluwr nea     0    0eng d</controlfield><controlfield tag="009">6099</controlfield><datafield ind1=" " ind2=" " tag="010"><subfield code="a">sn 84023524 </subfield></datafield><datafield ind1=" " ind2=" " tag="040"><subfield code="a">HMM</subfield><subfield code="c">HMM</subfield><subfield code="d">OCLCQ</subfield></datafield><datafield ind1=" " ind2=" " tag="043"><subfield code="a">n-us-al</subfield></datafield><datafield ind1="0" ind2=" " tag="130"><subfield code="a">Cycle (Mobile, Ala.)</subfield></datafield><datafield ind1="1" ind2="4" tag="245"><subfield code="a">The cycle</subfield><subfield code="h">[microform].</subfield></datafield><datafield ind1=" " ind2=" " tag="260"><subfield code="a">Mobile [Ala.] :</subfield><subfield code="b">Walthall &amp; Thames</subfield></datafield><datafield ind1=" " ind2=" " tag="300"><subfield code="a">v.</subfield></datafield><datafield ind1=" " ind2=" " tag="310"><subfield code="a">Weekly</subfield></datafield><datafield ind1="0" ind2=" " tag="362"><subfield code="a">Vol. 1, no. 1 (Dec. 18, 1875)-</subfield></datafield><datafield ind1="1" ind2=" " tag="362"><subfield code="a">Ceased in 1877?</subfield></datafield><datafield ind1=" " ind2=" " tag="500"><subfield code="a">Editor: W.T. Walthall, &lt;1875-1876&gt;.</subfield></datafield><datafield ind1=" " ind2=" " tag="500"><subfield code="a">"Especially interesting to all old Confederates."</subfield></datafield><datafield ind1=" " ind2=" " tag="533"><subfield code="a">Microfilm.</subfield><subfield code="m">Dec. 1875-June 1876:[Gaps]</subfield><subfield code="b">Cambridge, Mass. :</subfield><subfield code="c">Harvard College Library Imaging Services,</subfield><subfield code="d">2003.</subfield><subfield code="e">1 microfilm reel ; 35 mm.</subfield></datafield><datafield ind1=" " ind2=" " tag="539"><subfield code="a">d</subfield><subfield code="b">1875</subfield><subfield code="c">1876</subfield><subfield code="d">mau</subfield><subfield code="e">u</subfield><subfield code="f">u</subfield><subfield code="g">a</subfield></datafield><datafield ind1=" " ind2="0" tag="651"><subfield code="a">Mobile (Ala.)</subfield><subfield code="v">Newspapers.</subfield></datafield><datafield ind1="1" ind2=" " tag="700"><subfield code="a">Walthall, W. T.</subfield><subfield code="q">(William T.),</subfield><subfield code="d">1820-1899.</subfield></datafield><datafield ind1=" " ind2=" " tag="752"><subfield code="a">United States</subfield><subfield code="b">Alabama</subfield><subfield code="c">Mobile</subfield><subfield code="d">Mobile.</subfield></datafield><datafield ind1=" " ind2="0" tag="830"><subfield code="a">Harvard College Library newspaper preservation microfilm program ;</subfield><subfield code="v">00283.</subfield></datafield></record>